@misc{continuous-integration-thoughtworks, 
    author = "{ThoughtWorks, Inc.}", 
    publisher = "ThoughtWorks, Inc.", 
    title = "CONTINUOUS INTEGRATION
    Eliminate blind spots so you can build and deliver software more rapidly.", 
    month = "November", 
    year = "2016", 
    url = "https://www.thoughtworks.com/de/continuous-integration", 
}